@online{disDocs,
    % author    = "Python",
    title     = "Disassembler for Python bytecode -- \textit{dis} library Documentation",
    url       = "https://docs.python.org/3/library/dis.html",
    keywords  = "python, documentation"
}
@inproceedings{logozzo2008relative,
  title={On the relative completeness of bytecode analysis versus source code analysis},
  author={Logozzo, Francesco and F{\"a}hndrich, Manuel},
  booktitle={International Conference on Compiler Construction},
  pages={197--212},
  year={2008},
  organization={Springer}
}
@inproceedings{bencsath2012duqu,
  title={Duqu: Analysis, detection, and lessons learned},
  author={Bencs{\'a}th, Boldizs{\'a}r and P{\'e}k, G{\'a}bor and Butty{\'a}n, Levente and F{\'e}legyh{\'a}zi, M{\'a}rk},
  booktitle={ACM European Workshop on System Security (EuroSec)},
  volume={2012},
  year={2012}
}
@inproceedings{moser2007limits,
  title={Limits of static analysis for malware detection},
  author={Moser, Andreas and Kruegel, Christopher and Kirda, Engin},
  booktitle={Twenty-third annual computer security applications conference (ACSAC 2007)},
  pages={421--430},
  year={2007},
  organization={IEEE}
}
@inproceedings{christodorescu2003static,
  title={Static analysis of executables to detect malicious patterns},
  author={Christodorescu, Mihai and Jha, Somesh},
  booktitle={12th USENIX Security Symposium (USENIX Security 03)},
  year={2003}
}
@online{metamorphismInC,
    author = "James Holderness",
    url = "https://stackoverflow.com/a/16379982"
}
    
@inproceedings{garcia2016improved,
  title={Improved metrics handling in SonarQube for software quality monitoring},
  author={Garcia-Munoz, Javier and Garcia-Valls, Marisol and Escribano-Barreno, Julio},
  booktitle={Distributed Computing and Artificial Intelligence, 13th International Conference},
  pages={463--470},
  year={2016},
  organization={Springer}
}
@article{hiesgen2022race,
  title={The Race to the Vulnerable: Measuring the Log4j Shell Incident},
  author={Hiesgen, Raphael and Nawrocki, Marcin and Schmidt, Thomas C and W{\"a}hlisch, Matthias},
  journal={arXiv preprint arXiv:2205.02544},
  year={2022}
}
@incollection{maule2002effects,
  title={The effects of time pressure on human judgement and decision making},
  author={Maule, A John and Edland, Anne C},
  booktitle={Decision making},
  pages={203--218},
  year={2002},
  publisher={Routledge}
}
@article{noorbaloochi2015payoff,
  title={Payoff information biases a fast guess process in perceptual decision making under deadline pressure: evidence from behavior, evoked potentials, and quantitative model comparison},
  author={Noorbaloochi, Sharareh and Sharon, Dahlia and McClelland, James L},
  journal={Journal of Neuroscience},
  volume={35},
  number={31},
  pages={10989--11011},
  year={2015},
  publisher={Soc Neuroscience}
}
@article{knight2000iloveyou,
  title={ILOVEYOU: Viruses, paranoia, and the environment of risk},
  author={Knight, Peter},
  journal={The Sociological Review},
  volume={48},
  number={2\_suppl},
  pages={17--30},
  year={2000},
  publisher={SAGE Publications Sage UK: London, England}
}
@article{kaskaconficker,
  title={Conficker},
  author={Kaska, Kadri}
}
@misc{mansfield2022verizon,
  title={Verizon: Data Breach Investigations Report},
  author={Mansfield-Devine, Steve},
  year={2022},
  publisher={MA Business London}
}
@inproceedings{wong2004study,
  title={A study of mass-mailing worms},
  author={Wong, Cynthia and Bielski, Stan and McCune, Jonathan M and Wang, Chenxi},
  booktitle={Proceedings of the 2004 ACM workshop on Rapid malcode},
  pages={1--10},
  year={2004}
}
@article{herter2019benchmarking,
  title={Benchmarking static code analyzers},
  author={Herter, J{\"o}rg and K{\"a}stner, Daniel and Mallon, Christoph and Wilhelm, Reinhard},
  journal={Reliability Engineering \& System Safety},
  volume={188},
  pages={336--346},
  year={2019},
  publisher={Elsevier}
}
@inproceedings{cuoq2012benchmarking,
  title={Benchmarking Static Analyzers.},
  author={Cuoq, Pascal and Kirchner, Florent and Yakobowski, Boris},
  booktitle={COMPARE},
  pages={32--35},
  year={2012}
}
@article{french2000turing,
  title={The Turing Test: the first 50 years},
  author={French, Robert M},
  journal={Trends in cognitive sciences},
  volume={4},
  number={3},
  pages={115--122},
  year={2000},
  publisher={Elsevier}
}
@article{picard2008toward,
  title={Toward machines with emotional intelligence},
  author={Picard, Rosalind W},
  year={2008},
  publisher={Oxford University Press}
}
@article{stefanovic2020static,
  title={STATIC CODE ANALYSIS TOOLS: A SYSTEMATIC LITERATURE REVIEW.},
  author={Stefanovi{\'c}, Darko and Nikoli{\'c}, Danilo and Daki{\'c}, Du{\v{s}}anka and Spasojevi{\'c}, Ivana and Risti{\'c}, Sonja},
  journal={Annals of DAAAM \& Proceedings},
  volume={7},
  number={1},
  year={2020}
}
@book{chess2007secure,
  title={Secure programming with static analysis},
  author={Chess, Brian and West, Jacob},
  year={2007},
  publisher={Pearson Education}
}
@article{loch1996evaluating,
  title={Evaluating ethical decision making and computer use},
  author={Loch, Karen D and Conger, Sue},
  journal={Communications of the ACM},
  volume={39},
  number={7},
  pages={74--83},
  year={1996},
  publisher={ACM New York, NY, USA}
}
@article{kruglanski1983bias,
  title={Bias and error in human judgment},
  author={Kruglanski, Arie W and Ajzen, Icek},
  journal={European Journal of Social Psychology},
  volume={13},
  number={1},
  pages={1--44},
  year={1983},
  publisher={Wiley Online Library}
}
@inproceedings{ferrari2013generative,
  title={From Generative to Conventional Play: MOBA and League of Legends.},
  author={Ferrari, Simon},
  booktitle={DiGRA Conference},
  pages={1--17},
  year={2013}
}
@inproceedings{mabunda2018cryptocurrency,
  title={Cryptocurrency: The new face of cyber money laundering},
  author={Mabunda, Sagwadi},
  booktitle={2018 International Conference on Advances in Big Data, Computing and Data Communication Systems (icABCD)},
  pages={1--6},
  year={2018},
  organization={IEEE}
}
@incollection{curran2012rethinking,
  title={Rethinking internet history: James Curran},
  author={Curran, James},
  booktitle={Misunderstanding the internet},
  pages={40--71},
  year={2012},
  publisher={Routledge}
}
@inproceedings{durumeric2014matter,
  title={The matter of heartbleed},
  author={Durumeric, Zakir and Li, Frank and Kasten, James and Amann, Johanna and Beekman, Jethro and Payer, Mathias and Weaver, Nicolas and Adrian, David and Paxson, Vern and Bailey, Michael and others},
  booktitle={Proceedings of the 2014 conference on internet measurement conference},
  pages={475--488},
  year={2014}
}
@article{berghel2017equifax,
  title={Equifax and the latest round of identity theft roulette},
  author={Berghel, Hal},
  journal={Computer},
  volume={50},
  number={12},
  pages={72--76},
  year={2017},
  publisher={IEEE}
}
@article{mohurle2017brief,
  title={A brief study of wannacry threat: Ransomware attack 2017},
  author={Mohurle, Savita and Patil, Manisha},
  journal={International Journal of Advanced Research in Computer Science},
  volume={8},
  number={5},
  pages={1938--1940},
  year={2017}
}
@inproceedings{saleel2017linux,
  title={Linux kernel OS local root exploit},
  author={Saleel, AP and Nazeer, Mohamed and Beheshti, Babak D},
  booktitle={2017 IEEE Long Island Systems, Applications and Technology Conference (LISAT)},
  pages={1--5},
  year={2017},
  organization={IEEE}
}
@inproceedings{aidan2017comprehensive,
  title={Comprehensive survey on petya ransomware attack},
  author={Aidan, Jagmeet Singh and Verma, Harsh Kumar and Awasthi, Lalit Kumar},
  booktitle={2017 International Conference on Next Generation Computing and Information Systems (ICNGCIS)},
  pages={122--125},
  year={2017},
  organization={IEEE}
}
@article{seri2019exploiting,
  title={Exploiting blueborne in linux-based iot devices},
  author={Seri, Ben and Livne, Alon},
  journal={Armis, Palo Alto, California},
  year={2019}
}
@inproceedings{kim2017vuddy,
  title={Vuddy: A scalable approach for vulnerable code clone discovery},
  author={Kim, Seulbae and Woo, Seunghoon and Lee, Heejo and Oh, Hakjoo},
  booktitle={2017 IEEE Symposium on Security and Privacy (SP)},
  pages={595--614},
  year={2017},
  organization={IEEE}
}
@article{baisakhiya2017cloud,
  title={Cloud bleeding-typos leaking your information},
  author={Baisakhiya, Nupur},
  year={2017}
}
@article{al2013survey,
  title={A survey on software security testing techniques},
  author={Al-Ghamdi, ASAM},
  journal={Int J Comput Sci Telecommun},
  volume={4},
  pages={14--18},
  year={2013}
}
@inproceedings{hadavi2008software,
  title={Software security; a vulnerability activity revisit},
  author={Hadavi, Mohammad Ali and Shirazi, Hossein and Sangchi, Hasan Mokhtari and Hamishagi, Vahid Saber},
  booktitle={2008 Third International Conference on Availability, Reliability and Security},
  pages={866--872},
  year={2008},
  organization={IEEE}
}
@inproceedings{ackerman1984software,
  title={Software inspections and the industrial production of software},
  author={Ackerman, A Frank and Fowler, Priscilla J and Ebenau, Robert G},
  booktitle={Proc. of a symposium on Software validation: inspection-testing-verification-alternatives},
  pages={13--40},
  year={1984}
}
@article{fagan2002design,
  title={Design and code inspections to reduce errors in program development},
  author={Fagan, Michael},
  journal={Software pioneers: contributions to software engineering},
  pages={575--607},
  year={2002},
  publisher={Springer}
}
@article{khan2012systematic,
  title={Systematic review of software risk assessment and estimation models},
  author={Khan, Mumtaz Ahmad and Khan, Shadab and Sadiq, Mohd},
  journal={International Journal of Engineering and Advanced Technology},
  volume={1},
  number={4},
  pages={298--305},
  year={2012},
  publisher={Citeseer}
}
@article{lipol2011risk,
  title={Risk analysis method: FMEA/FMECA in the organizations},
  author={Lipol, Lefayet Sultan and Haq, Jahirul},
  journal={International Journal of Basic \& Applied Sciences},
  volume={11},
  number={5},
  pages={74--82},
  year={2011},
  publisher={Citeseer}
}
@inproceedings{caballero2007polyglot,
  title={Polyglot: Automatic extraction of protocol message format using dynamic binary analysis},
  author={Caballero, Juan and Yin, Heng and Liang, Zhenkai and Song, Dawn},
  booktitle={Proceedings of the 14th ACM conference on Computer and communications security},
  pages={317--329},
  year={2007}
}
@article{mubarkoot2022software,
  title={Software Compliance Requirements, Factors, and Policies: a Systematic Literature Review},
  author={Mubarkoot, Mohammed and Altmann, J{\"o}rn and Rasti-Barzoki, Morteza and Egger, Bernhard and Lee, Hyejin},
  journal={Computers \& Security},
  pages={102985},
  year={2022},
  publisher={Elsevier}
}
@article{balozian2017review,
  title={Review of IS security policy compliance: Toward the building blocks of an IS security theory},
  author={Balozian, Puzant and Leidner, Dorothy},
  journal={ACM SIGMIS Database: The DATABASE for Advances in Information Systems},
  volume={48},
  number={3},
  pages={11--43},
  year={2017},
  publisher={ACM New York, NY, USA}
}
@article{coopers2014global,
  title={The global state of information security{\textregistered} survey 2018},
  author={Coopers, Price Waterhouse},
  journal={Price Waterhouse Coopers},
  year={2014}
}
@inproceedings{bunyakiati2009compliance,
  title={The Compliance Testing of Software Tools with respect to the UML standards specification-the ArgoUML case study},
  author={Bunyakiati, Panuchart and Finkelstein, Anthony},
  booktitle={2009 ICSE Workshop on Automation of Software Test},
  pages={138--143},
  year={2009},
  organization={IEEE}
}
@inproceedings{steffens2018towards,
  title={Towards Data-driven Continuous Compliance Testing.},
  author={Steffens, Andreas and Lichter, Horst and Moscher, Marco},
  booktitle={Software Engineering (Workshops)},
  pages={78--84},
  year={2018}
}
@article{bradley2007defining,
  title={Defining digital sustainability},
  author={Bradley, Kevin},
  journal={Library Trends},
  volume={56},
  number={1},
  pages={148--163},
  year={2007},
  publisher={Johns Hopkins University Press}
}
@article{kasneci2023chatgpt,
  title={ChatGPT for good? On opportunities and challenges of large language models for education},
  author={Kasneci, Enkelejda and Se{\ss}ler, Kathrin and K{\"u}chemann, Stefan and Bannert, Maria and Dementieva, Daryna and Fischer, Frank and Gasser, Urs and Groh, Georg and G{\"u}nnemann, Stephan and H{\"u}llermeier, Eyke and others},
  journal={Learning and Individual Differences},
  volume={103},
  pages={102274},
  year={2023},
  publisher={Elsevier}
}
@inproceedings{wagner2000intrusion,
  title={Intrusion detection via static analysis},
  author={Wagner, David and Dean, R},
  booktitle={Proceedings 2001 IEEE Symposium on Security and Privacy. S\&P 2001},
  pages={156--168},
  year={2000},
  organization={IEEE}
}
@inproceedings{nath2014static,
  title={Static malware analysis using machine learning methods},
  author={Nath, Hiran V and Mehtre, Babu M},
  booktitle={Recent Trends in Computer Networks and Distributed Systems Security: Second International Conference, SNDS 2014, Trivandrum, India, March 13-14, 2014, Proceedings 2},
  pages={440--450},
  year={2014},
  organization={Springer}
}
@article{shalaginov2018machine,
  title={Machine learning aided static malware analysis: A survey and tutorial},
  author={Shalaginov, Andrii and Banin, Sergii and Dehghantanha, Ali and Franke, Katrin},
  journal={Cyber threat intelligence},
  pages={7--45},
  year={2018},
  publisher={Springer}
}